@book{clarioni,
  title     = {世界经典制服徽章艺术1（号角）},
  author    = {唐思（Reichsrommel） and 谢亮（孤单是永恒）},
  isbn      = {978-7-5107-0679-0},
  year      = {2013},
  publisher = {中国长安出版社}
}

@book{clarionv,
  title     = {号角：世界经典制服徽章艺术 5},
  author    = {唐思（Reichsrommel） and 谢亮（孤单是永恒）},
  isbn      = {978-7-5107-0943-2},
  year      = {2015},
  publisher = {中国长安出版社}
}